@misc{brokernotes_2018,
    title={50 Forex \& Trading Industry Statistics \& Trends From 2018}, 
    url={https://brokernotes.co/forex-trading-industry-statistics/}, 
    journal={BrokerNotes}, 
    year={2018}, month={Mar}
}


@misc{hannah_2017,
    title={Beginner's guide to currency trading},
    url={https://www.independent.co.uk/money/beginners-guide-to-currency-trading-a7568956.html},
    journal={The Independent},
    publisher={Independent Digital News and Media},
    author={Hannah, Felicity},
    year={2017}, month={Feb}
}


@misc{tradimo_cost, 
    title={The cost of trading forex}, 
    url={https://learn.tradimo.com/dont-go-broke-protect-your-capital/the-cost-of-trading-forex}, 
    journal={Tradimo}
}


@misc{llc_2016, 
    title={Calcuating Forex Costs in Trading},
    url={https://www.youtube.com/watch?v=gt5sQN19VAk},
    journal={YouTube},
    publisher={YouTube},
    author={LLC, Sea Lion Capital Management},
    year={2016},
    month={Apr}
}

@misc{bbc_news_2016,
    title={Pound plunges after Leave vote},
    url={https://www.bbc.co.uk/news/business-36611512},
    journal={BBC News},
    publisher={BBC},
    year={2016},
    month={Jun}
}